%%%%%%%%%%%%%% Dataset
@inproceedings{xu2018towards,
  title={Towards End-to-End License Plate Detection and Recognition: A Large Dataset and Baseline},
  author={Xu, Zhenbo and Yang, Wei and Meng, Ajin and Lu, Nanxue and Huang, Huan},
  booktitle={Proceedings of the European Conference on Computer Vision (ECCV)},
  pages={255--271},
  year={2018}
}

%%%%%%%%%%%%%% Related Sparse Research

@INPROCEEDINGS{EffCSC,
  author={B. {Wohlberg}},
  booktitle={2014 IEEE International Conference on Acoustics, Speech and Signal Processing (ICASSP)}, 
  title={Efficient convolutional sparse coding}, 
  year={2014},
  volume={},
  number={},
  pages={7173-7177}
}

@article{SpareRepre,
  author    = {Julien Mairal and
               Francis R. Bach and
               Jean Ponce},
  title     = {Sparse Modeling for Image and Vision Processing},
  journal   = {CoRR},
  volume    = {abs/1411.3230},
  year      = {2014},
  url       = {http://arxiv.org/abs/1411.3230},
  archivePrefix = {arXiv},
  eprint    = {1411.3230},
  timestamp = {Mon, 13 Aug 2018 16:48:51 +0200},
  biburl    = {https://dblp.org/rec/journals/corr/MairalBP14.bib},
  bibsource = {dblp computer science bibliography, https://dblp.org}
}

@ARTICLE{SparseCV,
  author={J. {Wright} and Y. {Ma} and J. {Mairal} and G. {Sapiro} and T. S. {Huang} and S. {Yan}},
  journal={Proceedings of the IEEE}, 
  title={Sparse Representation for Computer Vision and Pattern Recognition}, 
  year={2010},
  volume={98},
  number={6},
  pages={1031-1044}
}

@ARTICLE{4011956,
  author={M. {Elad} and M. {Aharon}},
  journal={IEEE Transactions on Image Processing}, 
  title={Image Denoising Via Sparse and Redundant Representations Over Learned Dictionaries}, 
  year={2006},
  volume={15},
  number={12},
  pages={3736-3745}
}

@article{CGV-058,
  url = {http://dx.doi.org/10.1561/0600000058},
  year = {2014},
  volume = {8},
  journal = {Foundations and Trends® in Computer Graphics and Vision},
  title = {Sparse Modeling for Image and Vision Processing},
  doi = {10.1561/0600000058},
  issn = {1572-2740},
  number = {2-3},
  pages = {85-283},
  author = {Julien Mairal and Francis Bach and Jean Ponce}
}

@ARTICLE{SparesuperResolution,
  author={J. {Yang} and J. {Wright} and T. S. {Huang} and Y. {Ma}},
  journal={IEEE Transactions on Image Processing}, 
  title={Image Super-Resolution Via Sparse Representation}, 
  year={2010},
  volume={19},
  number={11},
  pages={2861-2873}
}

@ARTICLE{SparseFace,
  author={J. {Wright} and A. Y. {Yang} and A. {Ganesh} and S. S. {Sastry} and Y. {Ma}},
  journal={IEEE Transactions on Pattern Analysis and Machine Intelligence}, 
  title={Robust Face Recognition via Sparse Representation}, 
  year={2009},
  volume={31},
  number={2},
  pages={210-227}
}

@ARTICLE{5452966,
  author={R. {Rubinstein} and A. M. {Bruckstein} and M. {Elad}},
  journal={Proceedings of the IEEE}, 
  title={Dictionaries for Sparse Representation Modeling}, 
  year={2010},
  volume={98},
  number={6},
  pages={1045-1057}
}

%%%%%%%%%%%%%% Sparse Representation
@ARTICLE{CDLreview2018,
  author={C. {Garcia-Cardona} and B. {Wohlberg}},
  journal={IEEE Transactions on Computational Imaging}, 
  title={Convolutional Dictionary Learning: A Comparative Review and New Algorithms}, 
  year={2018},
  volume={4},
  number={3},
  pages={366-381}
}

@article{SOREL201644,
  title = "Fast convolutional sparse coding using matrix inversion lemma",
  journal = "Digital Signal Processing",
  volume = "55",
  pages = "44 - 51",
  year = "2016",
  issn = "1051-2004",
  doi = "https://doi.org/10.1016/j.dsp.2016.04.012",
  url = "http://www.sciencedirect.com/science/article/pii/S1051200416300276",
  author = "Michal Šorel and Filip Šroubek"
}

@article{onlineCDL,
  author = {Liu, Jialin and Garcia-Cardona, Cristina and Wohlberg, Brendt and Yin, Wotao},
  title = {First- and Second-Order Methods for Online Convolutional Dictionary Learning},
  journal = {SIAM Journal on Imaging Sciences},
  volume = {11},
  number = {2},
  pages = {1589-1628},
  year = {2018},
  doi = {10.1137/17M1145689},
  URL = {https://doi.org/10.1137/17M1145689},
  eprint = {https://doi.org/10.1137/17M1145689}
}
%%%%%%%%%%%%%% License Plate NN approach
@article{SobelOp,
  author = {Sobel, Irwin},
  year = {2014},
  month = {02},
  pages = {},
  title = {An Isotropic 3x3 Image Gradient Operator},
  journal = {Presentation at Stanford A.I. Project 1968}
}

@misc{li2017endtoend,
    title={Towards End-to-End Car License Plates Detection and Recognition with Deep Neural Networks},
    author={Hui Li and Peng Wang and Chunhua Shen},
    year={2017},
    eprint={1709.08828},
    archivePrefix={arXiv},
    primaryClass={cs.CV}
}

@INPROCEEDINGS{lpdectionComplex,
  author={ {Jun-Wei Hsieh} and  {Shih-Hao Yu} and  {Yung-Sheng Chen}},
  booktitle={Object recognition supported by user interaction for service robots}, 
  title={Morphology-based license plate detection from complex scenes}, 
  year={2002},
  volume={3},
  number={},
  pages={176-179 vol.3}
}

@article{NovelLPDectionWavelet,
author = {Yu, Shouyuan and Li, Baopu and Zhang, Qi and Liu, Changchun and Meng, Max},
year = {2015},
month = {01},
pages = {114–125},
title = {A novel license plate location method based on wavelet transform and EMD analysis},
volume = {48},
journal = {Pattern Recognition},
doi = {10.1016/j.patcog.2014.07.027}
}

@article{LPDetectMultiStage,
  title = "License plate detection based on multistage information fusion",
  journal = "Information Fusion",
  volume = "18",
  pages = "78 - 85",
  year = "2014",
  issn = "1566-2535",
  doi = "https://doi.org/10.1016/j.inffus.2013.05.008",
  url = "http://www.sciencedirect.com/science/article/pii/S1566253513000663",
  author = "Zhenjie Yao and Weidong Yi"
}

@INPROCEEDINGS{DPLHSIcolor,
  author={K. {Deb} and K. {Jo}},
  booktitle={2008 International Conference on Control, Automation and Systems}, 
  title={HSI color based vehicle license plate detection}, 
  year={2008},
  volume={},
  number={},
  pages={687-691}
}

%%%%%%%%%%%%%% Neural networks 

@misc{redmon2015look,
    title={You Only Look Once: Unified, Real-Time Object Detection},
    author={Joseph Redmon and Santosh Divvala and Ross Girshick and Ali Farhadi},
    year={2015},
    eprint={1506.02640},
    archivePrefix={arXiv},
    primaryClass={cs.CV}
}

@inproceedings{Alexnet,
  title={Imagenet classification with deep convolutional neural networks},
  author={A. {Krizhevsky \em et al.}},
  booktitle={NIPS},
  year={2012}
}

@inproceedings{VGGnet,
  title={Very Deep Convolutional Networks For Large-Scale Image Recognition},
  author={Simonyan, Karen and Zisserman, Andrew},
  booktitle={International Conference on Learning Representations (ICLR)},
  year={2015}
}

@inproceedings{Googlenet,
  title={Going deeper with convolutions},
  author={C. {Szegedy \em et al.}},
  booktitle={Conference on Computer Vision and Pattern Recognition (CVPR)},
  year={2015}
}

@inproceedings{karpathy2015deep,
  title={Deep visual-semantic alignments for generating image descriptions},
  author={Karpathy, Andrej and Fei-Fei, Li},
  booktitle={Conference on Computer Vision and Pattern Recognition (CVPR)},
  year={2015}
}

@inproceedings{Resnet,
  title={Deep residual learning for image recognition},
  author={He, Kaiming and Zhang, Xiangyu and Ren, Shaoqing and Sun, Jian},
  booktitle={Proceedings of the IEEE conference on computer vision and pattern recognition},
  pages={770--778},
  year={2016}
}

@inproceedings{GAN,
  title={Generative adversarial nets},
  author={Goodfellow, Ian and Pouget-Abadie, Jean and Mirza, Mehdi and Xu, Bing and Warde-Farley, David and Ozair, Sherjil and Courville, Aaron and Bengio, Yoshua},
  booktitle={Advances in neural information processing systems},
  pages={2672--2680},
  year={2014}
}

%%%%%%%%%%%%%%%% CNN Applications

@inproceedings{toshev2014deeppose,
  title={Deeppose: Human pose estimation via deep neural networks},
  author={Toshev, Alexander and Szegedy, Christian},
  booktitle={Conference on Computer Vision and Pattern Recognition (CVPR)},
  year={2014}
}

@article{lawrence1997face,
  title={Face recognition: A convolutional neural-network approach},
  author={Lawrence, Steve and Giles, C Lee and Tsoi, Ah Chung and Back, Andrew D},
  journal={IEEE transactions on neural networks},
  volume={8},
  number={1},
  pages={98--113},
  year={1997},
  publisher={IEEE}
}

@article{farabet2013learning,
  title={Very deep convolutional networks for large-scale image recognition},
  author={Simonyan K, Zisserman A.},
  journal={PAMI},
  volume={35},
  number={8},
  pages={1915--1929},
  year={2013},
  publisher={IEEE}
}

@inproceedings{parashar2017scnn,
  title={SCNN: An Accelerator for Compressed-sparse Convolutional Neural Networks},
  author={A. {Parashar \em et al.}},
  booktitle={International Symposium on Computer Architecture (ISCA)},
  pages={27--40},
  year={2017},
}

@article{vasilache2018tensor,
  title={{Tensor Comprehensions: Framework-Agnostic High-Performance Machine Learning Abstractions}},
  author={Vasilache, Nicolas and Zinenko, Oleksandr and Theodoridis, Theodoros and Goyal, Priya and DeVito, Zachary and Moses, William S and Verdoolaege, Sven and Adams, Andrew and Cohen, Albert},
  journal={arXiv preprint arXiv:1802.04730},
  year={2018}
}

@article{simonyan2014very,
	title={{Very deep convolutional networks for large-scale image recognition}},
	author={Simonyan, Karen and Zisserman, Andrew},
	journal={arXiv preprint arXiv:1409.1556},
	year={2014}
}